@Book{xie2015,
  title = {Dynamic Documents with {R} and knitr},
  author = {Yihui Xie},
  publisher = {Chapman and Hall/CRC},
  address = {Boca Raton, Florida},
  year = {2015},
  edition = {2nd},
  note = {ISBN 978-1498716963},
  url = {http://yihui.org/knitr/},
}

@Book{kwon-2017, 
  title = {실리콘밸리 데이터 과학자가 알려주는 따라하며 배우는 데이터 과학},
  author = {권재명},
  publisher = {제이펍},
  year = {2017},
  edition = {1st},
  note = {ISBN 979-1185890869}
}

@Book{seo-2014, 
  title = {{R}을 이용한 데이터 처리\&분석},
  author = {서민구},
  publisher = {길벗},
  year = {2014},
  edition = {1st},
  note = {ISBN 978-8966188260}
}

@Book{ryu-2005, 
  title = {{R} 그래픽스},
  author = {유충현 and 이상호 and 김정일},
  publisher = {자유아카데미},
  year = {2005},
  edition = {1st},
  note = {ISBN 978-8973385539}
}

@book{wickham-2016,
  title={{ggplot2}: elegant graphics for data analysis},
  author={Wickham, Hadley},
  year={2016},
  publisher={Springer}
}

@book{wickham-2016r,
  title={{R} for data science: import, tidy, transform, visualize, and model data},
  author={Wickham, Hadley and Grolemund, Garrett},
  year={2016},
  publisher={" O'Reilly Media, Inc."}
}

@book{rizzo-2019,
  title={Statistical computing with R},
  author={Rizzo, Maria L},
  year={2019},
  publisher={CRC Press}
}
